@article{castro2008minimax,
  title={Minimax bounds for active learning},
  author={Castro, Rui M and Nowak, Robert D},
  journal={IEEE Transactions on Information Theory},
  volume={54},
  number={5},
  pages={2339--2353},
  year={2008},
  publisher={IEEE}
}

@article{koltchinskii2010rademacher,
  title={Rademacher complexities and bounding the excess risk in active learning},
  author={Koltchinskii, Vladimir},
  journal={Journal of Machine Learning Research},
  volume={11},
  number={Sep},
  pages={2457--2485},
  year={2010}
}

@article{minsker2012plug,
  title={Plug-in approach to active learning},
  author={Minsker, Stanislav},
  journal={Journal of Machine Learning Research},
  volume={13},
  number={Jan},
  pages={67--90},
  year={2012}
}

@inproceedings{kpotufe2015hierarchical,
  title={Hierarchical label queries with data-dependent partitions},
  author={Kpotufe, Samory and Urner, Ruth and Ben-David, Shai},
  booktitle={Conference on Learning Theory},
  pages={1176--1189},
  year={2015}
}

@inproceedings{andrea2017adaptivity,
  title={Adaptivity to Noise Parameters in Nonparametric Active Learning},
  author={Andrea, Carpentier Alexandra Locatelli and Samory, Kpotufe},
  booktitle={Conference on Learning Theory},
  pages={1383--1416},
  year={2017}
}