@article{H63,
	Author = {Hoeffding, Wassily},
	Fjournal = {Journal of the American Statistical Association},
	Issn = {0162-1459},
	Journal = {J. Amer. Statist. Assoc.},
	Mrclass = {60.20},
	Mrnumber = {0144363},
	Mrreviewer = {E. H. Lehman, Jr.},
	Pages = {13--30},
	Title = {Probability inequalities for sums of bounded random variables},
	Volume = {58},
	Year = {1963}}